<?xml version="1.0" encoding="UTF-8"?><collection xmlns="http://www.loc.gov/MARC21/slim"><record><leader>00478nam--2200133-i-4500</leader><controlfield tag="001">000019549</controlfield><controlfield tag="002">20161230</controlfield><controlfield tag="005">20161230201033</controlfield><controlfield tag="008">060222s1000------------r-----000-0-eng-d</controlfield><datafield ind1=" " ind2=" " tag="080"><subfield code="a">621.375.826(043)</subfield></datafield><datafield ind1=" " ind2=" " tag="100"><subfield code="a">Fesquet, Jean</subfield></datafield><datafield ind1=" " ind2=" " tag="245"><subfield code="a">Ondes de gauss emises par un laser a rubis, reseau de caracteristiques. determination de la distribution radiale de l indice complexe dans le milieu actif. these</subfield></datafield><datafield ind1=" " ind2=" " tag="260"><subfield code="a">Montpellier, Academie De Montpellier, 1973. 185 P</subfield></datafield><datafield ind1=" " ind2=" " tag="852"><subfield code="a">42147</subfield></datafield></record></collection>